<marc:record xmlns:marc="http://www.loc.gov/MARC21/slim" xmlns:xsi="http://www.w3.org/2001/XMLSchema-instance" xsi:schemaLocation="http://www.loc.gov/MARC21/slim http://www.loc.gov/standards/marcxml/schema/MARC21slim.xsd">
  <marc:leader>     nam a2200217   45M</marc:leader>
  <marc:controlfield tag="001">001680745</marc:controlfield>
  <marc:controlfield tag="003">NNU</marc:controlfield>
  <marc:controlfield tag="005">20001218225225.0</marc:controlfield>
  <marc:controlfield tag="008">010101s1930    le            000 0 ara  </marc:controlfield>
  <marc:datafield tag="010" ind1=" " ind2=" ">
    <marc:subfield code="a">76282424</marc:subfield>
  </marc:datafield>
  <marc:datafield tag="035" ind1="9" ind2=" ">
    <marc:subfield code="a">NYUb12224148</marc:subfield>
  </marc:datafield>
  <marc:datafield tag="035" ind1=" " ind2=" ">
    <marc:subfield code="a">(CStRLIN)DCGGB14982778-B</marc:subfield>
  </marc:datafield>
  <marc:datafield tag="100" ind1="1" ind2=" ">
    <marc:subfield code="a">Ḍūmiṭ, Jabr.</marc:subfield>
  </marc:datafield>
  <marc:datafield tag="245" ind1="1" ind2="0">
    <marc:subfield code="a">Kitāb al-khawāṭīr al-ḥisān fī al-maʻānī wa-al-bayān /</marc:subfield>
    <marc:subfield code="c">taʼlīf Jabr Ḍūmit̨.</marc:subfield>
  </marc:datafield>
  <marc:datafield tag="250" ind1=" " ind2=" ">
    <marc:subfield code="a">al-Ṭabʻah 2.</marc:subfield>
  </marc:datafield>
  <marc:datafield tag="260" ind1=" " ind2=" ">
    <marc:subfield code="a">Bayrūt :</marc:subfield>
    <marc:subfield code="b">Maṭbaʻat al-Nafāʼ,</marc:subfield>
    <marc:subfield code="c">1930.</marc:subfield>
  </marc:datafield>
  <marc:datafield tag="300" ind1=" " ind2=" ">
    <marc:subfield code="a">224 p. ;</marc:subfield>
    <marc:subfield code="b">port. ;</marc:subfield>
    <marc:subfield code="c">24 cm.</marc:subfield>
  </marc:datafield>
  <marc:datafield tag="650" ind1=" " ind2="0">
    <marc:subfield code="a">Arabic language</marc:subfield>
    <marc:subfield code="x">Rhetoric.</marc:subfield>
  </marc:datafield>
  <marc:datafield tag="740" ind1="3" ind2=" ">
    <marc:subfield code="a">al-Khawāṭir al-ḥisān fī al-maʻānī wa-al-bayān.</marc:subfield>
  </marc:datafield>
  <marc:datafield tag="950" ind1=" " ind2=" ">
    <marc:subfield code="l">BMAIN</marc:subfield>
    <marc:subfield code="a">PJ6066</marc:subfield>
    <marc:subfield code="b">.D8 1930</marc:subfield>
  </marc:datafield>
  <marc:datafield tag="955" ind1=" " ind2=" ">
    <marc:subfield code="l">BMAIN</marc:subfield>
    <marc:subfield code="c">1</marc:subfield>
    <marc:subfield code="r">028829102</marc:subfield>
  </marc:datafield>
  <marc:datafield tag="998" ind1=" " ind2=" ">
    <marc:subfield code="s">9115</marc:subfield>
  </marc:datafield>
</marc:record>
